@misc{StanfordCourse,
  author       = {{Fei-Fei Li, Justin Johnson, Serena Young , Stanford University}},
  howpublished = {\url          = {http://cs231n.stanford.edu/2017/syllabus.html},},
  title        = {cs231n},
  year         = {2017}
}

@misc{autoencoders2017,
  author       = {Arden Dertat},
  howpublished = {\url = {https://towardsdatascience.com/applied-deep-learning-part-3-autoencoders-1c083af4d798},},
  title        = {Applied Deep Learning},
  year         = {2017}
}

@misc{GAN,
  author       = {Joseph Rocca},
  howpublished = {\url = {https://towardsdatascience.com/understanding-generative-adversarial-networks-gans-cd6e4651a29},},
  title        = {Understanding Generative Adversarial Networks (GANs)},
  year         = {2019}
}

@misc{VAE,
  author       = {Joseph Rocca},
  howpublished = {\url = {https://towardsdatascience.com/understanding-variational-autoencoders-vaes-f70510919f73},},
  title        = {Understanding Variational Autoencoders (VAEs)},
  year         = {2019}
}

@misc{AAE,
  author       = {Fathy Rashad},
  howpublished = {\url={https://medium.com/vitrox-publication/adversarial-auto-encoder-aae-a3fc86f71758},},
  title        = {Adversarial Auto Encoder (AAE)},
  year         = {2020}
}

@INPROCEEDINGS{AFLW,
author={Köstinger, Martin and Wohlhart, Paul and Roth, Peter M. and Bischof, Horst},
booktitle={2011 IEEE International Conference on Computer Vision Workshops (ICCV Workshops)}, 
title={Annotated Facial Landmarks in the Wild: A large-scale, real-world database for facial landmark localization}, 
year={2011},
volume={},
number={},
pages={2144-2151},
doi={10.1109/ICCVW.2011.6130513}}

@book{damas2020handbook,
  title={Handbook on craniofacial superimposition: The MEPROCS project},
  author={Damas, Sergio and Cord{\'o}n, Oscar and Ib{\'a}{\~n}ez, Oscar},
  year={2020},
  publisher={Springer Nature}
}

@inproceedings{browatzki20203fabrec,
title={3fabrec: Fast few-shot face alignment by reconstruction},
author={Browatzki, Bjorn and Wallraven, Christian},
booktitle={Proceedings of the IEEE/CVF Conference on Computer Vision and Pattern Recognition},
pages={6110--6120},
year={2020}
}

@misc{WAVELETS,
  author       = {Math Works},
  howpublished = {\url={https://www.mathworks.com/help/wavelet/gs/continuous-wavelet-transform-and-scale-based-analysis.html},},
  title        = {Continuous Wavelet Transform and Scale-Based Analysis},
}

@article{DBLP:journals/corr/SchroffKP15,
  author    = {Florian Schroff and
               Dmitry Kalenichenko and
               James Philbin},
  title     = {FaceNet: {A} Unified Embedding for Face Recognition and Clustering},
  journal   = {CoRR},
  volume    = {abs/1503.03832},
  year      = {2015},
  url       = {http://arxiv.org/abs/1503.03832},
  eprinttype = {arXiv},
  eprint    = {1503.03832},
  timestamp = {Mon, 13 Aug 2018 16:46:42 +0200},
  biburl    = {https://dblp.org/rec/journals/corr/SchroffKP15.bib},
  bibsource = {dblp computer science bibliography, https://dblp.org}
}

@article{guillermo2019,
  author          = {Guillermo Gómez Trenado},
  journal         = {Universidad de Granada},
  title           = {Aprendizaje Profundo y
  Antropología Forense},
  year            = {2019}
}