
@book{MallatWavelets,
 Author = {Mallat, St{\'e}phane},
 Title = {Une exploration des signaux en ondelettes.},
 ISBN = {2-7302-0733-3},
 Year = {2000},
 Publisher = {Palaiseau: Les {\'E}ditions de l'{\'E}cole Polytechnique},
 Language = {French},
 Keywords = {94-02,94A12,94A08,65T60,42C15,42C40},
 zbMATH = {5784463},
 Zbl = {1196.94006}
}

@book{DigitalImageProcessing,
Author={Rafael C.Gonzalez, Richard E.Woods},
Title={Digital Image Processing},
ISBN={978-0-13-335672-4},
Year={2018},
Publisher ={Pearson}
}

@article{Huete2015PastPA,
  title={Past, present, and future of craniofacial superimposition: Literature and international surveys.},
  author={Mar{\'i}a Isabel Huete and {\'O}scar Ib{\'a}{\~n}ez and Caroline Wilkinson and Tzipi Kahana},
  journal={Legal medicine},
  year={2015},
  volume={17 4},
  pages={
          267-78
        }
}

@article{doi:10.1137/S0036141002404838,
author = {Trouv√©, Alain and Younes, Laurent},
title = {Local Geometry of Deformable Templates},
journal = {SIAM Journal on Mathematical Analysis},
volume = {37},
number = {1},
pages = {17-59},
year = {2005},
doi = {10.1137/S0036141002404838},

URL = { 
        https://doi.org/10.1137/S0036141002404838
    
},
eprint = { 
        https://doi.org/10.1137/S0036141002404838
    
}

}